@inproceedings{stylianou2009voice,
  title={Voice transformation: a survey},
  author={Stylianou, Yannis},
  booktitle={Acoustics, Speech and Signal Processing, 2009. ICASSP 2009. IEEE International Conference on},
  pages={3585--3588},
  year={2009},
  organization={IEEE}
}
@article{machado2010voice,
  title={Voice conversion: A critical survey},
  author={Machado, Anderson F and Queiroz, Marcelo},
  journal={Proc. Sound and Music Computing (SMC)},
  pages={1--8},
  year={2010}
}
@article{duxans2006voice,
  title={Voice conversion of non-aligned data using unit selection},
  author={Duxans, Helenca and Erro, Daniel and P{\'e}rez, Javier and Diego, Ferran and Bonafonte, Antonio and Moreno, Asunci{\'o}n},
  journal={TC-STAR WSST},
  year={2006}
}
@inproceedings{kawahara1997speech,
  title={Speech representation and transformation using adaptive interpolation of weighted spectrum: vocoder revisited},
  author={Kawahara, Hideki},
  booktitle={Acoustics, Speech, and Signal Processing, 1997. ICASSP-97., 1997 IEEE International Conference on},
  volume={2},
  pages={1303--1306},
  year={1997},
  organization={IEEE}
}
@article{toda2007voice,
  title={Voice conversion based on maximum-likelihood estimation of spectral parameter trajectory},
  author={Toda, Tomoki and Black, Alan W and Tokuda, Keiichi},
  journal={IEEE Transactions on Audio, Speech, and Language Processing},
  volume={15},
  number={8},
  pages={2222--2235},
  year={2007},
  publisher={IEEE}
}
@article{mohammadi2017verview,
  title={An overview of voice conversion systems},
  author={Mohammadi, Seyed Hamidreza and Kain, Alexander},
  journal={Speech Communication},
  year={2017},
  publisher={Elsevier}
}
@inproceedings{anumanchipalli2012intent,
  title={Intent transfer in speech-to-speech machine translation},
  author={Anumanchipalli, Gopala Krishna and Oliveira, Lu{\'\i}s C and Black, Alan W},
  booktitle={Spoken Language Technology Workshop (SLT), 2012 IEEE},
  pages={153--158},
  year={2012},
  organization={IEEE}
}
@article{barrobes2006voice,
  title={Voice Conversion applied to Text-to-Speech systems},
  author={Barrobes, Helenca Duxans},
  journal={Unpublished Ph. D. thesis. Universitat Politecnica. Barcelona, Spain},
  year={2006}
}
@inproceedings{desai2009voice,
  title={Voice conversion using artificial neural networks},
  author={Desai, Srinivas and Raghavendra, E Veera and Yegnanarayana, B and Black, Alan W and Prahallad, Kishore},
  booktitle={Acoustics, Speech and Signal Processing, 2009. ICASSP 2009. IEEE International Conference on},
  pages={3893--3896},
  year={2009},
  organization={IEEE}
}
@inproceedings{jin2016cute,
  title={Cute: A concatenative method for voice conversion using exemplar-based unit selection},
  author={Jin, Zeyu and Finkelstein, Adam and DiVerdi, Stephen and Lu, Jingwan and Mysore, Gautham J},
  booktitle={Acoustics, Speech and Signal Processing (ICASSP), 2016 IEEE International Conference on},
  pages={5660--5664},
  year={2016},
  organization={IEEE}
}
@inproceedings{erro2007weighted,
  title={Weighted frequency warping for voice conversion.},
  author={Erro, Daniel and Moreno, Asunci{\'o}n},
  booktitle={Interspeech},
  pages={1965--1968},
  year={2007}
}
@misc{lyrebird, 
title={Lyrebird - Create a digital copy of voice}, 
url={https://lyrebird.ai/}, 
journal={Lyrebird - Create a digital copy of voice}
}