@inproceedings{stylianou2009voice,
  title={Voice transformation: a survey},
  author={Stylianou, Yannis},
  booktitle={Acoustics, Speech and Signal Processing, 2009. ICASSP 2009. IEEE International Conference on},
  pages={3585--3588},
  year={2009},
  organization={IEEE}
}
@article{machado2010voice,
  title={Voice conversion: A critical survey},
  author={Machado, Anderson F and Queiroz, Marcelo},
  journal={Proc. Sound and Music Computing (SMC)},
  pages={1--8},
  year={2010}
}
@article{duxans2006voice,
  title={Voice conversion of non-aligned data using unit selection},
  author={Duxans, Helenca and Erro, Daniel and P{\'e}rez, Javier and Diego, Ferran and Bonafonte, Antonio and Moreno, Asunci{\'o}n},
  journal={TC-STAR WSST},
  year={2006}
}
@inproceedings{kawahara1997speech,
  title={Speech representation and transformation using adaptive interpolation of weighted spectrum: vocoder revisited},
  author={Kawahara, Hideki},
  booktitle={Acoustics, Speech, and Signal Processing, 1997. ICASSP-97., 1997 IEEE International Conference on},
  volume={2},
  pages={1303--1306},
  year={1997},
  organization={IEEE}
}
@article{toda2007voice,
  title={Voice conversion based on maximum-likelihood estimation of spectral parameter trajectory},
  author={Toda, Tomoki and Black, Alan W and Tokuda, Keiichi},
  journal={IEEE Transactions on Audio, Speech, and Language Processing},
  volume={15},
  number={8},
  pages={2222--2235},
  year={2007},
  publisher={IEEE}
}
@article{mohammadi2017verview,
  title={An overview of voice conversion systems},
  author={Mohammadi, Seyed Hamidreza and Kain, Alexander},
  journal={Speech Communication},
  year={2017},
  publisher={Elsevier}
}
@inproceedings{anumanchipalli2012intent,
  title={Intent transfer in speech-to-speech machine translation},
  author={Anumanchipalli, Gopala Krishna and Oliveira, Lu{\'\i}s C and Black, Alan W},
  booktitle={Spoken Language Technology Workshop (SLT), 2012 IEEE},
  pages={153--158},
  year={2012},
  organization={IEEE}
}
@article{barrobes2006voice,
  title={Voice Conversion applied to Text-to-Speech systems},
  author={Barrobes, Helenca Duxans},
  journal={Unpublished Ph. D. thesis. Universitat Politecnica. Barcelona, Spain},
  year={2006}
}
@inproceedings{desai2009voice,
  title={Voice conversion using artificial neural networks},
  author={Desai, Srinivas and Raghavendra, E Veera and Yegnanarayana, B and Black, Alan W and Prahallad, Kishore},
  booktitle={Acoustics, Speech and Signal Processing, 2009. ICASSP 2009. IEEE International Conference on},
  pages={3893--3896},
  year={2009},
  organization={IEEE}
}
@inproceedings{jin2016cute,
  title={Cute: A concatenative method for voice conversion using exemplar-based unit selection},
  author={Jin, Zeyu and Finkelstein, Adam and DiVerdi, Stephen and Lu, Jingwan and Mysore, Gautham J},
  booktitle={Acoustics, Speech and Signal Processing (ICASSP), 2016 IEEE International Conference on},
  pages={5660--5664},
  year={2016},
  organization={IEEE}
}
@inproceedings{erro2007weighted,
  title={Weighted frequency warping for voice conversion.},
  author={Erro, Daniel and Moreno, Asunci{\'o}n},
  booktitle={Interspeech},
  pages={1965--1968},
  year={2007}
}
@misc{lyrebird, 
title={Lyrebird - Create a digital copy of voice}, 
url={https://lyrebird.ai/}, 
journal={Lyrebird - Create a digital copy of voice}
}
@inproceedings{bachu2008separation,
  title={Separation of voiced and unvoiced using zero crossing rate and energy of the speech signal},
  author={Bachu, RG and Kopparthi, S and Adapa, B and Barkana, BD},
  booktitle={American Society for Engineering Education (ASEE) Zone Conference Proceedings},
  pages={1--7},
  year={2008}
}
@article{ghosh2012comparative,
  title={A comparative study of performance of fpga based mel filter bank \& bark filter bank},
  author={Ghosh, Debalina and Debnath, Depanwita Sarkar and Bose, Saikat},
  journal={arXiv preprint arXiv:1206.1450},
  year={2012}
}
@article{stylianou1998continuous,
  title={Continuous probabilistic transform for voice conversion},
  author={Stylianou, Yannis and Capp{\'e}, Olivier and Moulines, Eric},
  journal={IEEE Transactions on speech and audio processing},
  volume={6},
  number={2},
  pages={131--142},
  year={1998},
  publisher={IEEE}
}
@article{toda2007voice,
  title={Voice conversion based on maximum-likelihood estimation of spectral parameter trajectory},
  author={Toda, Tomoki and Black, Alan W and Tokuda, Keiichi},
  journal={IEEE Transactions on Audio, Speech, and Language Processing},
  volume={15},
  number={8},
  pages={2222--2235},
  year={2007},
  publisher={IEEE}
}
@inproceedings{ratanamahatana2004everything,
  title={Everything you know about dynamic time warping is wrong},
  author={Ratanamahatana, Chotirat Ann and Keogh, Eamonn},
  booktitle={Third Workshop on Mining Temporal and Sequential Data},
  pages={22--25},
  year={2004},
  organization={Citeseer}
}
@article{latinus2011human,
  title={Human voice perception},
  author={Latinus, Marianne and Belin, Pascal},
  journal={Current Biology},
  volume={21},
  number={4},
  pages={R143--R145},
  year={2011},
  publisher={Elsevier}
}
@article{reynolds1995robust,
  title={Robust text-independent speaker identification using Gaussian mixture speaker models},
  author={Reynolds, Douglas A and Rose, Richard C},
  journal={IEEE transactions on Speech and Audio Processing},
  volume={3},
  number={1},
  pages={72--83},
  year={1995},
  publisher={IEEE}
}
@inproceedings{toda2016voice,
  title={The Voice Conversion Challenge 2016.},
  author={Toda, Tomoki and Chen, Ling-Hui and Saito, Daisuke and Villavicencio, Fernando and Wester, Mirjam and Wu, Zhizheng and Yamagishi, Junichi},
  booktitle={INTERSPEECH},
  pages={1632--1636},
  year={2016}
}
@article{keshk2013blind,
  title={Blind modulation recognition in wireless MC-CDMA systems using a support vector machine classifier},
  author={Keshk, Mohamed El-Hady Magdy Keshk and Elrabie, El-Sayed and El-Samie, Fathi El-Sayed Abd and El-Naby, Mohammed Abd},
  journal={Wireless Engineering and Technology},
  volume={4},
  number={03},
  pages={145},
  year={2013},
  publisher={Scientific Research Publishing}
}
@book{muller2007information,
  title={Information retrieval for music and motion},
  author={M{\"u}ller, Meinard},
  volume={2},
  year={2007},
  publisher={Springer}
}
@article{mashimo2001evaluation,
  title={Evaluation of cross-language voice conversion based on GMM and STRAIGHT},
  author={Mashimo, Mikiko and Toda, Tomoki and Shikano, Kiyohiro and Campbell, Nick},
  year={2001}
}